@article{Zapun2008,
  title = {The different shapes of cocci},
  volume = {32},
  ISSN = {1574-6976},
  url = {http://dx.doi.org/10.1111/j.1574-6976.2007.00098.x},
  DOI = {10.1111/j.1574-6976.2007.00098.x},
  number = {2},
  journal = {FEMS Microbiology Reviews},
  publisher = {Oxford University Press (OUP)},
  author = {Zapun,  André and Vernet,  Thierry and Pinho,  Mariana G.},
  year = {2008},
  month = mar,
  pages = {345–360}
}

@article{Young2006,
  title = {The Selective Value of Bacterial Shape},
  volume = {70},
  ISSN = {1098-5557},
  url = {http://dx.doi.org/10.1128/mmbr.00001-06},
  DOI = {10.1128/mmbr.00001-06},
  number = {3},
  journal = {Microbiology and Molecular Biology Reviews},
  publisher = {American Society for Microbiology},
  author = {Young,  Kevin D.},
  year = {2006},
  month = sep,
  pages = {660–703}
}

@article{Billaudeau2017,
  title = {Contrasting mechanisms of growth in two model rod-shaped bacteria},
  volume = {8},
  ISSN = {2041-1723},
  url = {http://dx.doi.org/10.1038/ncomms15370},
  DOI = {10.1038/ncomms15370},
  number = {1},
  journal = {Nature Communications},
  publisher = {Springer Science and Business Media LLC},
  author = {Billaudeau,  Cyrille and Chastanet,  Arnaud and Yao,  Zhizhong and Cornilleau,  Charlène and Mirouze,  Nicolas and Fromion,  Vincent and Carballido-López,  Rut},
  year = {2017},
  month = jun 
}

@misc{https://doi.org/10.48550/arxiv.1506.01497,
  doi = {10.48550/ARXIV.1506.01497},
  url = {https://arxiv.org/abs/1506.01497},
  author = {Ren,  Shaoqing and He,  Kaiming and Girshick,  Ross and Sun,  Jian},
  keywords = {Computer Vision and Pattern Recognition (cs.CV),  FOS: Computer and information sciences,  FOS: Computer and information sciences},
  title = {Faster R-CNN: Towards Real-Time Object Detection with Region Proposal Networks},
  publisher = {arXiv},
  year = {2015},
  copyright = {arXiv.org perpetual,  non-exclusive license}
}

@article{Sullivan2019,
  title = {PyVista: 3D plotting and mesh analysis through a streamlined interface for the Visualization Toolkit (VTK)},
  volume = {4},
  ISSN = {2475-9066},
  url = {http://dx.doi.org/10.21105/joss.01450},
  DOI = {10.21105/joss.01450},
  number = {37},
  journal = {Journal of Open Source Software},
  publisher = {The Open Journal},
  author = {Sullivan,  C. and Kaszynski,  Alexander},
  year = {2019},
  month = may,
  pages = {1450}
}

@misc{Pleyer_cellular_raza_2023,
  author = {Pleyer, Jonas},
  license = {GPL-2.0},
  month = dec,
  title = {{cellular\_raza}},
  url = {https://github.com/jonaspleyer/cellular_raza},
  version = {0.1.0},
  year = {2023}
}
